@misc{rahtz2016livetex,
	author={Rahtz, Sebastian},
	title = {TeXLive - TeX Distribution Repository},
	howpublished = {\url{https://www.tug.org/texlive/}},
	year={1996, Acesso em: 01-10-2016}
}
%---------------------------------------
@book{bechara2012moderna,
	title={Moderna Gram{\'a}tica Portuguesa: Revista, Ampliada e Atualizada Conforme o Novo Acordo Ortogr{\'a}fico},
	author={Bechara, E.},
	isbn={9788520930496},
	rl={https://books.google.com.br/books?id=kA5LywXfV-kC},
	year={2012},
	address={Rio de Janeiro},
	publisher={Nova Fronteira}
}
%---------------------------------------
@book{arora2011introduction,
	title={Introduction to Optimum Design},
	author={Arora, J.},
	isbn={9780123813763},
	url={https://books.google.com.br/books?id=yRZ7Y9ybThUC},
	year={2011},
	address={Amsterdam},
	publisher={Elsevier Science}
}
%---------------------------------------
@book{bathe1996finite,
	title={Finite Element Procedures},
	author={Bathe, K. J.},
	isbn={9780133014587},
	lccn={95001231},
	series={Prentice-Hall International Series in},
	url={https://books.google.com.br/books?id=AJBRAAAAMAAJ},
	year={1996},
	address={Upper Saddle River},
	publisher={Prentice Hall}
}
%---------------------------------------
@book{bendsoe2013topology,
	title={Topology Optimization: Theory, Methods, and Applications},
	author={Bends{\o}e, M.P. and Sigmund, O.},
	isbn={9783662050866},
	url={https://books.google.com.br/books?id=ZCjsCAAAQBAJ},
	year={2013},
	address={Berlin},
	publisher={Springer}
}
%---------------------------------------
@book{dantzig1963linear,
	title={Linear Programming and Extensions: A Report Prepared for U.S. Air Force Project Rand},
	author={Dantzig, G. B.},
	lccn={64002950},
	series={R-366-PR},
	url={https://books.google.com.br/books?id=W7YrAAAAYAAJ},
	year={1963},
	address={Princeton},
	publisher={Princeton University Press}
}
%---------------------------------------
@book{haftka1991elements,
	title={Elements of Structural Optimization},
	author={Haftka, R. T. and G{\"u}rdal, Z.},
	isbn={9780792315056},
	lccn={91037690},
	series={Solid Mechanics and Its Applications},
	volume={11},
	edition={3rd},
	url={https://books.google.com.br/books?id=CzgIpexeh7UC},
	year={1991},
	address={Dordrecht},
	publisher={Kluwer Academic Publishers}
}
%---------------------------------------
@book{hughes2012finite,
	title={The Finite Element Method: Linear Static and Dynamic Finite Element Analysis},
	author={Hughes, T. J. R.},
	isbn={9780486135021},
	series={Dover Civil and Mechanical Engineering},
	url={https://books.google.com.br/books?id=cHH2n\_qBK0IC},
	year={2012},
	address={Mineola},
	publisher={Dover Publications}
}
%---------------------------------------
@book{reddy2006introduction,
	title={An Introduction to the Finite Element Method},
	author={Reddy, J. N.},
	isbn={9780071244732},
	lccn={92029532},
	edition={3rd},
	series={McGraw-Hill Series in Mechanical Engineering},
	url={https://books.google.com.br/books?id=dO\_2QgAACAAJ},
	year={2006},
	address={New York},
	publisher={McGraw-Hill}
}
%---------------------------------------
@book{zienkiewicz2005finite,
	title={The Finite Element Method: Its Basis and Fundamentals},
	author={Zienkiewicz, O.C. and Taylor, R.L.},
	isbn={9780080531670},
	edition={6th},
	url={https://books.google.com.br/books?id=iqfue5Kv2tkC},
	year={2005},
	address={Oxford},
	publisher={Elsevier}
}
%---------------------------------------
@article{deleon2015stress,
	author={De Leon, Daniel M. and Alexandersen, Joe and O. Fonseca, Jun S. and Sigmund, Ole},
	title={Stress-constrained topology optimization for compliant mechanism design},
	journal={Structural and Multidisciplinary Optimization},
	year={2015},
	volume={52},
	number={5},
	pages={929--943},
	issn={1615-1488},
	doi={10.1007/s00158-015-1279-z},
	url={http://dx.doi.org/10.1007/s00158-015-1279-z}
}
%---------------------------------------
@article{turner1956stiffness,
	author={Turner, M. and Clough, R. W. and Martin, H. C. and Topp, L. J.},
	title={Stiffness and Deflection Analysis of Complex Structures},
	journal={Journal of the Aeronautical Sciences},
	year={1956},
	month={september},
	volume={23},
	number={9},
	pages={805--823},
	doi={10.2514/8.3664},
	url={http://dx.doi.org/10.2514/8.3664}
}
%---------------------------------------
@article{man1993engineering,
	title={BEM frictional contact analysis: modelling considerations},
	author={Man, KW and Aliabadi, MH and Rooke, DP},
	journal={Engineering analysis with boundary elements},
	volume={11},
	number={1},
	pages={77--85},
	year={1993},
	publisher={Elsevier}
}
%---------------------------------------
@article{man1993incremental,
	title={BEM frictional contact analysis: load incremental technique},
	author={Man, KW and Aliabadi, MH and Rooke, DP},
	journal={Computers \& structures},
	volume={47},
	number={6},
	pages={893--905},
	year={1993},
	publisher={Elsevier}
}
%---------------------------------------
@book{kranz2009failure,
	title={Failure Is Not an Option: Mission Control From Mercury to Apollo 13 and Beyond},
	author={Kranz, G.},
	isbn={9781439148815},
	lccn={00027720},
	url={https://books.google.com.br/books?id=slQZ3JOUSKQC},
	year={2009},
	address={New York},
	publisher={Simon \& Schuster}
}
%---------------------------------------
@misc{deleon2011otimizacao,
	author={De Leon, Daniel M.},
	title={Otimização Estrutural de Placas Compostas Laminadas Sujeitas a Efeitos Aeroelásticos},
	howpublished={Dissertação de mestrado, Universidade Federal do Rio Grande do Sul},
	year={2011},
	note={Universidade Federal do Rio Grande do Sul}
}
%---------------------------------------
@misc{deleon2015otimizacao,
	author={De Leon, Daniel M.},
	title={Otimização Topológica de Mecanismos Flexíveis com Controle da Tensão Máxima Considerando não Linearidades Geométricas e Material},
	howpublished={Tese de doutorado, Universidade Federal do Rio Grande do Sul},
	year={2015},
	note={Universidade Federal do Rio Grande do Sul}
}
%---------------------------------------
@book{asm1990properties,
	title={Properties and Selection- Irons, Steels, and High-performance Alloys},
	author={ASM, International. Handbook Committee},
	volume={1},
	edition={10th},
	isbn={9780871703774},
	lccn={90000115},
	series={ASM handbook},
	url={https://books.google.com.br/books?id=qA87AQAAIAAJ},
	year={1990},
	address={Russell Township},
	publisher={ASM International}
}